@book{ModeloEnCascada,
    title = {Software Engineering: A Practitioner's Approach},
    author = {Pressman, R. S.},
    edition= 8,
    year = {2005},
    publisher = {Palgrave Macmillan},
}

